[
  { "date": "2021-01-31", "revenue": 10000 },
  { "date": "2021-02-28", "revenue": 9800 },
  { "date": "2021-03-31", "revenue": 10300 },
  { "date": "2021-04-30", "revenue": 10100 },
  { "date": "2021-05-31", "revenue": 10700 },
  { "date": "2021-06-30", "revenue": 10500 },
  { "date": "2021-07-31", "revenue": 11000 },
  { "date": "2021-08-31", "revenue": 10800 },
  { "date": "2021-09-30", "revenue": 11100 },
  { "date": "2021-10-31", "revenue": 10950 },
  { "date": "2021-11-30", "revenue": 11300 },
  { "date": "2021-12-31", "revenue": 11500 },

  { "date": "2022-01-31", "revenue": 11700 },
  { "date": "2022-02-28", "revenue": 11450 },
  { "date": "2022-03-31", "revenue": 12000 },
  { "date": "2022-04-30", "revenue": 11800 },
  { "date": "2022-05-31", "revenue": 12300 },
  { "date": "2022-06-30", "revenue": 12100 },
  { "date": "2022-07-31", "revenue": 12700 },
  { "date": "2022-08-31", "revenue": 12400 },
  { "date": "2022-09-30", "revenue": 12900 },
  { "date": "2022-10-31", "revenue": 12700 },
  { "date": "2022-11-30", "revenue": 13100 },
  { "date": "2022-12-31", "revenue": 13300 },

  { "date": "2023-01-31", "revenue": 13600 },
  { "date": "2023-02-28", "revenue": 13400 },
  { "date": "2023-03-31", "revenue": 13900 },
  { "date": "2023-04-30", "revenue": 13750 },
  { "date": "2023-05-31", "revenue": 14300 },
  { "date": "2023-06-30", "revenue": 14100 },
  { "date": "2023-07-31", "revenue": 14600 },
  { "date": "2023-08-31", "revenue": 14350 },
  { "date": "2023-09-30", "revenue": 14900 },
  { "date": "2023-10-31", "revenue": 14700 },
  { "date": "2023-11-30", "revenue": 15200 },
  { "date": "2023-12-31", "revenue": 15500 },

  { "date": "2024-01-31", "revenue": 16000 },
  { "date": "2024-02-29", "revenue": 16250 },
  { "date": "2024-03-31", "revenue": 15900 },
  { "date": "2024-04-30", "revenue": 16500 },
  { "date": "2024-05-31", "revenue": 16300 },
  { "date": "2024-06-30", "revenue": 16800 },
  { "date": "2024-07-31", "revenue": 16650 },
  { "date": "2024-08-31", "revenue": 17100 },
  { "date": "2024-09-30", "revenue": 16900 },
  { "date": "2024-10-31", "revenue": 17350 },
  { "date": "2024-11-30", "revenue": 17000 },
  { "date": "2024-12-31", "revenue": 17500 }
]
